@article{huang2019survey,
	title={A survey on adaptive random testing},
	author={Huang, Rubing and Sun, Weifeng and Xu, Yinyin and Chen, Haibo and Towey, Dave and Xia, Xin},
	journal={IEEE Transactions on Software Engineering},
	volume={47},
	number={10},
	pages={2052--2083},
	year={2019},
	publisher={IEEE}
}

@book{dyson2004architecting,
	title={Architecting enterprise solutions: patterns for high-capability internet-based systems},
	author={Dyson, Paul and Longshaw, Andrew},
	year={2004},
	publisher={John Wiley \& Sons}
}

@article{hamlet1994random,
	title={Random testing},
	author={Hamlet, Richard},
	journal={Encyclopedia of software Engineering},
	volume={2},
	pages={971--978},
	year={1994},
	publisher={Citeseer}
}

@article{nardi2015survey,
	title={A survey on test oracles},
	author={Nardi, Paulo Augusto and Damasceno, Eduardo F},
	year={2015}
}

@article{nidhra2012black,
	title={Black box and white box testing techniques-a literature review},
	author={Nidhra, Srinivas and Dondeti, Jagruthi},
	journal={International Journal of Embedded Systems and Applications (IJESA)},
	volume={2},
	number={2},
	pages={29--50},
	year={2012}
}

@inproceedings{miller2006empirical,
	title={An empirical study of the robustness of macos applications using random testing},
	author={Miller, Barton P and Cooksey, Gregory and Moore, Fredrick},
	booktitle={Proceedings of the 1st international workshop on Random testing},
	pages={46--54},
	year={2006}
}

@inproceedings{regehr2005random,
	title={Random testing of interrupt-driven software},
	author={Regehr, John},
	booktitle={Proceedings of the 5th ACM International Conference on Embedded software},
	pages={290--298},
	year={2005}
}

@inproceedings{bati2007genetic,
	title={A genetic approach for random testing of database systems},
	author={Bati, Hardik and Giakoumakis, Leo and Herbert, Steve and Surna, Aleksandras},
	booktitle={Proceedings of the 33rd international conference on Very large data bases},
	pages={1243--1251},
	year={2007}
}
@article{muangsiri2017random,
	title={Random GUI testing of Android application using behavioral model},
	author={Muangsiri, Woramet and Takada, Shingo},
	journal={International Journal of Software Engineering and Knowledge Engineering},
	volume={27},
	number={09n10},
	pages={1603--1612},
	year={2017},
	publisher={World Scientific}
}

@article{chen2001proportional,
	title={Proportional sampling strategy: A compendium and some insights},
	author={Chen, Tsong Yueh and Tse, TH and Yu, Yuen-Tak},
	journal={Journal of Systems and Software},
	volume={58},
	number={1},
	pages={65--81},
	year={2001},
	publisher={Elsevier}
}
@article{white1980domain,
	title={A domain strategy for computer program testing},
	author={White, Lee J and Cohen, Edward I},
	journal={IEEE transactions on software engineering},
	number={3},
	pages={247--257},
	year={1980},
	publisher={IEEE}
}
@article{ammann1988data,
	title={Data diversity: An approach to software fault tolerance},
	author={Ammann, Paul Eric and Knight, John C},
	journal={Ieee transactions on computers},
	volume={37},
	number={4},
	pages={418--425},
	year={1988},
	publisher={IEEE}
}
@article{finelli1991nasa,
	title={NASA software failure characterization experiments},
	author={Finelli, George B},
	journal={Reliability Engineering \& System Safety},
	volume={32},
	number={1-2},
	pages={155--169},
	year={1991},
	publisher={Elsevier}
}
@article{bishopvariation,
	title={The Variation of Software Survival Time for Different Operational},
	author={Bishop, PG},
	publisher={Citeseer}
}
@inproceedings{schneckenburger2007towards,
	title={Towards the determination of typical failure patterns},
	author={Schneckenburger, Christoph and Mayer, Johannes},
	booktitle={Fourth international workshop on Software quality assurance: in conjunction with the 6th ESEC/FSE joint meeting},
	pages={90--93},
	year={2007}
}
@article{chen2010adaptive,
	title={Adaptive random testing: The art of test case diversity},
	author={Chen, Tsong Yueh and Kuo, Fei-Ching and Merkel, Robert G and Tse, TH},
	journal={Journal of Systems and Software},
	volume={83},
	number={1},
	pages={60--66},
	year={2010},
	publisher={Elsevier}
}
@article{zhou2021cost,
	title={A cost-effective adaptive random testing algorithm for object-oriented software testing},
	author={Zhou, Yue and Wang, Xiujun and Guo, Shu and Wen, Yi and He, Jingsha},
	journal={Journal of Intelligent \& Fuzzy Systems},
	volume={41},
	number={3},
	pages={4415--4423},
	year={2021},
	publisher={IOS Press}
}
@misc{johansson2023comparison,
	title={A comparison between random testing and adaptive random testing},
	author={Johansson, Nicklas and Aareskjold, Ola},
	year={2023}
}
@inproceedings{chen2005adaptive,
	title={Adaptive random testing},
	author={Chen, Tsong Yueh and Leung, Hing and Mak, Ieng Kei},
	booktitle={Advances in Computer Science-ASIAN 2004. Higher-Level Decision Making: 9th Asian Computing Science Conference. Dedicated to Jean-Louis Lassez on the Occasion of His 5th Birthday. Chiang Mai, Thailand, December 8-10, 2004. Proceedings 9},
	pages={320--329},
	year={2005},
	organization={Springer}
}
@article{mao2017out,
	title={Out of sight, out of mind: a distance-aware forgetting strategy for adaptive random testing},
	author={Mao, Chengying and Chen, Tsong Yueh and Kuo, Fei-Ching},
	journal={Science China Information Sciences},
	volume={60},
	pages={1--21},
	year={2017},
	publisher={Springer}
}
@inproceedings{chan2006forgetting,
	title={Forgetting test cases},
	author={Chan, Kwok Ping and Chen, TY and Towey, Dave},
	booktitle={30th Annual International Computer Software and Applications Conference (COMPSAC'06)},
	volume={1},
	pages={485--494},
	year={2006},
	organization={IEEE}
}
@inproceedings{chow2013art,
	title={The ART of divide and conquer: An innovative approach to improving the efficiency of adaptive random testing},
	author={Chow, Cliff and Chen, Tsong Yueh and Tse, TH},
	booktitle={2013 13th International Conference on Quality Software},
	pages={268--275},
	year={2013},
	organization={IEEE}
}
@article{burkardt2009k,
	title={K-means clustering},
	author={Burkardt, John},
	journal={Virginia Tech, Advanced Research Computing, Interdisciplinary Center for Applied Mathematics},
	year={2009}
}
@article{chen2021novel,
	title={A novel test case generation approach for adaptive random testing of object-oriented software using k-means clustering technique},
	author={Chen, Jinfu and Chen, Haibo and Guo, Yuchi and Zhou, Minmin and Huang, Rubing and Mao, Chengying},
	journal={IEEE Transactions on Emerging Topics in Computational Intelligence},
	volume={6},
	number={4},
	pages={969--981},
	year={2021},
	publisher={IEEE}
}
@inproceedings{kahveci2001efficient,
	title={An efficient index structure for string databases},
	author={Kahveci, Tamer and Singh, Ambuj K},
	booktitle={VLDB},
	volume={1},
	pages={351--360},
	year={2001}
}
@inproceedings{kulkarni2011wavelet,
	title={Wavelet transform applications},
	author={Kulkarni, Jyoti S},
	booktitle={2011 3rd International Conference on Electronics Computer Technology},
	volume={1},
	pages={11--17},
	year={2011},
	organization={IEEE}
}
@article{stankovic2005haar,
	title={Haar wavelet transforms and Haar spectral transform decision diagrams for switching and multiple-valued functions},
	author={Stankovi{\'c}, Radomir and Stankovi{\'c}, Milena and Moraga, Claudio},
	journal={Journal of Multiple-Valued Logic and Soft Computing},
	year={2005},
	publisher={Old City Publishing}
}
@article{egiazarian2002tree,
	title={Tree-structured Haar transforms},
	author={Egiazarian, Karen and Astola, Jaakko},
	journal={Journal of Mathematical Imaging and Vision},
	volume={16},
	pages={269--279},
	year={2002},
	publisher={Springer}
}










